%% This BibTeX bibliography file was created using BibDesk.
%% http://bibdesk.sourceforge.net/


%% Created for Altamar at 2007-05-28 22:45:04 -0500 


%% Saved with string encoding Western (ASCII) 



@article{hpp76,
	Author = {J.~Hardy and O.~de Pazzis and Y.~Pomeau},
	Journal = {Phys. Rev. A},
	Number = {5},
	Optmonth = {May},
	Pages = {1949--1961},
	Title = {Molecular Dynamics of a Classical Lattice Gas: Transport Properties and Time Correlation Functions},
	Volume = {13},
	Year = {1976}}

@article{shlien,
	Author = {D. J. Shlien and R. L. Boxman},
	Journal = {Journal of Heat and Mass transfer},
	Number = {5},
	Pages = {919--931},
	Title = {{Laminar starting plume temperature field measurement}},
	Volume = {24},
	Year = {1981}}

@article{fhp86,
	Author = {U.~Frisch and B.~Hasslacher and Y.~Pomeau},
	Journal = {Phys. Rev. Lett.},
	Number = {14},
	Optmonth = {April},
	Pages = {1505--1508},
	Title = {Lattice-Gas Automata for the {N}avier-{S}tokes Equation},
	Volume = {56},
	Year = {1986}}

@article{shan97,
	Author = {X.~Shan},
	Journal = {Phys. Rev. E},
	Number = {3},
	Optmonth = {March},
	Pages = {2780--2788},
	Title = {Simulation of {R}ayleigh--{B}\'enard convection using a lattice {B}oltzmann method},
	Volume = {55},
	Year = {1997}}

@article{suc97a,
	Author = {S.~Succi},
	Journal = {Physica A},
	Optnumber = {240},
	Optpages = {221--228},
	Title = {Lattice {B}oltzmann Equation: Failure or Success?},
	Volume = {240},
	Year = {1997}}

@article{cho02,
	Author = {B.~Chopard and A.~Dupuis},
	Journal = {Computer Physics Communications},
	Optpages = {509--515},
	Opttitle = {Lattice {B}oltzmann Models: an Efficient and Simple Approach to Complex Flow Problems},
	Volume = {147},
	Year = {2002}}

@article{bgk54,
	Author = {P.~L.~Bhatnagar and E.~P.~Gross and M.~Krook},
	Journal = {Phys. Rev.},
	Number = {3},
	Optmonth = {May},
	Pages = {511--525},
	Title = {A Model for Collision Processes in Gases. I. Small Amplitude Processes in Charged and Neutral One-component Systems},
	Volume = {94},
	Year = {1954}}

@book{suc01,
	Author = {S.~Succi},
	Publisher = {Oxford Science Publications},
	Title = {The Lattice {B}oltzmann Equation for Fluid Dynamics and Beyond},
	Year = {2001}}

@phdthesis{RamonTesis,
	Author = {R.~Tovar},
	School = {DEPFI-UNAM},
	Title = {Estudios sobre Transici\'on y Turbulencia en Flujos de Convecci\'on Natural},
	Year = {2002}}

@article{chen92,
	Author = {H.~Chen and S.~Chen and W.~H.~Matthaeus},
	Journal = {Phys. Rev. A},
	Number = {8},
	Optmonth = {April},
	Pages = {R5339--R5342},
	Title = {Recovery of the {N}avier--{S}tokes Equations Using a Lattice-Gas {B}oltzmann Method},
	Volume = {45},
	Year = {1992}}

@book{Chandra,
	Altauthor = {S.~Chandrasekhar},
	Alteditor = {Dover Publications},
	Publisher = {General Publishing Company},
	Title = {Hydrodynamic and Hydromagnetic Stability},
	Year = {1961}}

@article{Inamuro,
	Author = {T.~Inamuro and M.~Yoshino and F.~Ogino},
	Journal = {Phys. Fluids},
	Optnumber = {12},
	Pages = {2928--2930},
	Title = {A non-slip boundary condition for lattice {B}oltzmann simulations},
	Volume = {7},
	Year = {1995}}

@article{He98,
	Author = {X.~He and S.~Chen and G.~D.~Doolen},
	Journal = {J. Comp. Phys.},
	Optpages = {282--300},
	Title = {A Novel Thermal Model for the Lattice {B}oltzmann Method in Incompressible Limit},
	Volume = {146},
	Year = {1998}}

@article{Guo02,
	Author = {Z.~Guo and B.~Shi and C.~Zheng},
	Journal = {Int. J. Num. Meth. Fluids},
	Pages = {325--342},
	Title = {A Coupled Lattice {BGK} Model for the {B}oussinesq Equations},
	Volume = {39},
	Year = {2002}}

@article{palmer00,
	Author = {B.~J.~Palmer and D.~R.~Rector},
	Date-Modified = {2007-04-20 21:59:51 -0500},
	Journal = {Journal of Computational Physics},
	Optpages = {1--20},
	Title = {Lattice {B}oltzmann Algorithm for Simulating Thermal Flow in Compressible Fluids},
	Volume = {161},
	Year = {2000}}

@article{inamuro02,
	Author = {T.~Inamuro and M.~M.~ Yoshino and H.~Inoue and R.~Mizuno and F.~Ogino},
	Journal = {J. Comp. Phys.},
	Pages = {201--215},
	Title = {A Lattice {B}oltzmann Method for a Binary Miscible Fluid Mixture and Its Application to a Heat-Transfer Problem},
	Volume = {179},
	Year = {2002}}

@article{Shan93,
	Author = {X.~Shan and H.~Chen},
	Journal = {Phys. Rev. E},
	Number = {3},
	Optmonth = {march},
	Optpages = {1815--1820},
	Title = {Lattice {B}oltzmann Model for Simulating Flows with Multiple Phases and Components},
	Volume = {47},
	Year = {1993}}

@article{frisch87,
	Author = {U. Frisch and D. d'Humieres and B.~Hasslacher and P.~Lallemand and Y.~Pomeau and J.-~P.~Rivet},
	Journal = {Complex Systems},
	Pages = {649--707},
	Title = {Lattice Gas Hydrodynamics in Two and Three Dimensions},
	Volume = {1},
	Year = {1987}}

@phdthesis{dupuis,
	Author = {A.~Dupuis},
	School = {Faculte des Sciences de Universit\'e de Geneve},
	Title = {From a Lattice {B}oltzmann Model to Parallel and Reusable Implementation of a Virtual River},
	Year = {2002}}

@article{higuera89a,
	Author = {F. J. Higuera and J. Jim\'enez},
	Journal = {Europhys. Lett.},
	Pages = {663--668},
	Title = {Boltzmann approach to lattice gas simulation},
	Volume = {9},
	Year = {1989}}

@article{higuera89,
	Author = {F. J. Higuera and S. Succi and R. Benzi},
	Journal = {Europhys. Lett.},
	Pages = {345--349},
	Title = {Lattice gas dynamics with enhanced collisions},
	Volume = {9},
	Year = {1989}}

@book{doo90,
	Editor = {G.~D.~Doolen},
	Publisher = {Addison Wesley},
	Title = {Lattice Gas Methods for Partial Differential Equations},
	Year = {1990}}

@book{law96,
	Editor = {A.~T.~Lawniczak and R.~Kapral},
	Publisher = {American Mathematical Society},
	Series = {Fields Institute Communications},
	Title = {Pattern Formation and Lattice Gas Automata},
	Volume = {6},
	Year = {1996}}

@book{alv91,
	Editor = {A. S. Alves},
	Publisher = {World Scientific},
	Title = {Discrete Models of Fluid Dynamics},
	Year = {1991}}

@article{mcn88,
	Author = {G. McNamara and G. Zanetti},
	Journal = {Phys. Rev. Lett.},
	Optpages = {2332},
	Title = {Use of the {B}oltzmann equation to simulate lattice gas automata},
	Volume = {61},
	Year = {1988}}

@article{wol83,
	Author = {S.~Wolfram},
	Journal = {Reviews of Modern Physics},
	Optpages = {601},
	Title = {Statistical Mechanics of Cellular Automata},
	Volume = {55},
	Year = {1983}}

@inproceedings{sal91,
	Author = {A.~Salcido and R.~Rechtman},
	Booktitle = {Nonlinear Phenomena in Fluids, Solids and other Complex Systems},
	Editor = {P. Cordero and B.Nachtergaele},
	Optpages = {217--229},
	Publisher = {North--Holland},
	Title = {Equilibrium Properties of a Cellular Automaton for Thermofluid Dynamics},
	Year = {1991}}

@book{hua63,
	Author = {K.~Huang},
	Publisher = {John Wiley},
	Title = {Statistical Mechanics},
	Year = {1963}}

@book{dor99,
	Author = {J.~R.~Dorfman},
	Publisher = {Cambridge University Press},
	Title = {An Introduction to Chaos in Nonequilibrium Statistical Mechanics},
	Year = {1999}}

@book{bol98,
	Author = {L.~{B}oltzmann},
	Optnote = {traducido por S.~G.~Brush},
	Publisher = {University of California Press},
	Title = {Lectures on Gas Theory},
	Year = {1964}}

@article{has87,
	Author = {B.~Hasslacher},
	Journal = {Los Alamos Science},
	Title = {Discrete Fluids},
	Volume = {N'umero especial},
	Year = {1987}}

@article{bag93,
	Author = {F.~Bagnoli and R.~Rechtman and D.~Zanette},
	Journal = {Revista Mexicana de F'isica},
	Optpages = {763--774},
	Title = {Termodin'amica de Equilibrio de Sistemas con Velocidades Discretas},
	Volume = {39},
	Year = {1993}}

@book{gar90,
	Author = {L.~Garc'ia Col'in},
	Publisher = {Universidad Aut'onoma Metropolitana},
	Title = {Teor'ia Cin'etica de los Gases},
	Year = {1990}}

@book{cha52,
	Author = {S.~Chapman and T.~G.~Cowling},
	Publisher = {Cambridge University Press},
	Title = {The Mathematical Theory of Non--uniform Gases},
	Year = {1952}}

@article{benzi92,
	Author = {R.~Benzi and S.~Succi and M.~Vergassola},
	Journal = {Physics Reports},
	Optpages = {145--197},
	Title = {The Lattice {B}oltzmann Equation: Theory and Applications},
	Year = {1992}}

@phdthesis{bin89,
	Author = {P.-~M.~Binder},
	School = {Universidad de Yale},
	Title = {Diffusion in Lattice Gases},
	Year = {1989}}

@article{das92,
	Author = {S.~Das and M.~H.~Ernst},
	Journal = {Physica A},
	Optpages = {191--209},
	Title = {Thermal Transport Properties in a Square Lattice Gas},
	Year = {1992}}

@inproceedings{ern90,
	Author = {M.~H.~Ernst},
	Booktitle = {Fundamental Problems in Statistical Mechanics VII},
	Editor = {H.~van Beijeren},
	Pages = {321--355},
	Publisher = {Elsevier},
	Title = {Linear Response Theory for Cellular Automata Fluids},
	Year = {1990}}

@article{bur87,
	Author = {C.~Burgers and S.~Zaleski},
	Journal = {Complex Systems},
	Optpages = {31},
	Volume = {1},
	Year = {1987}}

@article{dhu87,
	Author = {D.~d'Humi\`eres and P.~Lallemand and J.~Searby},
	Journal = {Complex Systems},
	Optpages = {632},
	Volume = {1},
	Year = {1987}}

@article{bag92,
	Author = {F.~Bagnoli and R.~Rechtman and S.~Ruffo},
	Journal = {Journal of Computational Physics},
	Optpages = {176--184},
	Title = {General Algorithm for Totalistic Cellular Automata},
	Volume = {101},
	Year = {1992}}

@article{zor87,
	Author = {R.~Zorn and H.~J.~Herrmann and C.~Rebbi},
	Journal = {Computational Physics Communications},
	Optpages = {337},
	Volume = {23},
	Year = {1987}}

@article{zab88,
	Author = {J.~G.~Zabolitsky and H.~J.~Hermann},
	Journal = {Journal of Computational Physics},
	Optpages = {426},
	Volume = {76},
	Year = {1988}}

@article{che91,
	Author = {S.~Chen and H.~Chen and D.~Mart'inez and W.~Mattaeus},
	Journal = {Phys. Rev. Lett.},
	Optpages = {3776},
	Title = {Lattice {B}oltzmann Model for Simulation of Magnetohydrodynamics},
	Volume = {67},
	Year = {1991}}

@article{koe91,
	Author = {J.~M.~Koelman},
	Journal = {Eur. Phys. Lett.},
	Pages = {603--607},
	Title = {A Simple Lattice {B}oltzmann Scheme for {N}avier--{S}tokes Fluid Flow},
	Volume = {15},
	Year = {1991}}

@article{qian92,
	Author = {Y.~Qian and D.~d'Humieres and P.~Lallemand},
	Journal = {Eur. Phys. Lett.},
	Pages = {479--484},
	Title = {Lattice {BGK} Models for the {N}avier--{S}tokes Equation},
	Volume = {17},
	Year = {1992}}

@book{bejan,
	Author = {Adrian Bejan},
	Publisher = {John Wiley and Sons, Inc.},
	Title = {Heat Transfer},
	Year = {1993}}

@article{sparrow,
	Author = {E. M. Sparrow and S. V. Patankar and R. M. Abdel-Wahed},
	Journal = {Transactions of the ASME},
	Title = {Development of Wall and Free Plumes Above a Heated Vertical Plate},
	Year = {1978}}

@article{Ding,
	Author = {H. Ding and C. Shu a and K.S. Yeo and D. Xu b},
	Journal = {Computers and Fluids},
	Optnumber = {137--154},
	Title = {Development of least-square-based two-dimensional finite-difference squemes and their applications to simulate natural convection in a cavity},
	Volume = {33},
	Year = {2004}}

@article{Chopard,
	Author = {Bastien Chopard and Alexandre Dupuis},
	Journal = {Int. J. Modern Physics B},
	Title = {A mass conserving boundary condition for lattice {B}oltzmann models},
	Year = {2002}}

@book{SG,
	Author = {H.~Schlichting and K.~Gersten},
	Publisher = {Springer},
	Title = {Boundary Layer Theory},
	Year = {1999}}

@article{park90,
	Author = {Park S. H. and Tien C. L.},
	Date-Modified = {2007-04-20 21:59:43 -0500},
	Journal = {Journal of Heat and Mass transfer},
	Title = {An approximate Analysis for convective heat transfer on thermally nonuniform surfaces},
	Year = {1990}}

@article{ale93,
	Author = {F.~J.~Alexander and S.~Chen and J.~D.~Sterling},
	Journal = {Physics Review E},
	Optpages = {R2249--2252},
	Title = {Lattice {B}oltzmann Thermohydrodynamics},
	Volume = {47},
	Year = {1993}}

@article{che94,
	Author = {Y.~Chen and H.~Ohashi and M.~Akiyama},
	Journal = {Physics Review E},
	Optpages = {2776--2783},
	Title = {Thermal lattice {B}hatnagar--{G}roos--{K}rook Model without Nonlinear Deviations in Macrodynamic Equations},
	Volume = {50},
	Year = {1994}}

@article{qia93,
	Author = {Y.~Qian},
	Journal = {Journal of Science and Computation},
	Optpages = {231--241},
	Title = {Simulating Thermohydrodynamics with Lattice {BGK} Models},
	Volume = {8},
	Year = {1993}}

@article{moses93,
	Author = {Elisha Moses and Giovanni Zocchi and Albert Libchaber},
	Date-Modified = {2007-04-20 22:00:32 -0500},
	Journal = {J. Fluid Mech.},
	Pages = {581--601},
	Title = {An experimental study of laminar plumes},
	Volume = {251},
	Year = {1993}}

@article{patterson,
	Author = {John Patterson and Jorg Imberger},
	Journal = {J. Fluid Mech.},
	Title = {Unsteady natural convection in a rectangular cavity},
	Year = {1980}}

@article{kapa,
	Author = {C. Texeira},
	Journal = {International journal of modern physics C},
	Title = {Incorporating turbulence models into the lattice {B}oltzmann method},
	Year = {1998}}

@article{ian,
	Author = {Ian Beausoleil-Morrison},
	Journal = {Energy and buildings},
	Title = {An algorithm for calculating convection coefficients for internal building surfaces for the case of mixed flow in rooms},
	Year = {2001}}

@article{crouse,
	Author = {B. Crouse and M. Krafczyk and S. Kuhner and E. Rank and C. van Treeck},
	Journal = {Energy and buildings},
	Title = {Indoor air flow analysis based on lattice {B}oltzmann methods},
	Year = {2002}}

@article{smagorinsky,
	Author = {S. Hou and J. Sterling and S. Chen and G. D. Doolen},
	Journal = {Fields Institute communications},
	Title = {A lattice subgrid model for high {R}eynolds number flows},
	Year = {1996}}

@article{Hudong,
	Author = {Hudong Chen and Satheesh Kandasamy and Steven Orzag and Rick Shock and Sauro Succi and Victor Yakhot},
	Journal = {Science magazine},
	Title = {Extended {B}oltzmann kinetic equation for turbulent flows},
	Year = {2003}}

@mastersthesis{memotesis,
	Author = {Guillermo Barrios},
	School = {UNAM},
	Title = {Estudio Num\'erico de la Convecci\'on natural usando la t\'ecnica de la ecuaci\'on de {B}oltzmann en redes},
	Year = {2003}}

@article{chen03,
	Author = {H. Chen and S. Kandasamy and S. Orszag and R. Shock and S. Succi and V. Yakhot},
	Journal = {Sci. Mag.},
	Pages = {633--636},
	Title = {Extended Bolztmann Kinetic Equation for Turbulent Flows},
	Year = {2003}}

@article{sangras,
	Author = {R. Sangras and Z. Dai and G. M. Faeth},
	Journal = {J. Heat Transfer},
	Number = {3},
	Pages = {460--469},
	Title = {Velocity statistics of plane self-preserving buoyant turbulent adiabatic wall plumes},
	Volume = {124},
	Year = {2000}}

@article{tovar,
	Author = {R. Tovar and J. Rojas and M.L. Cedillo},
	Journal = {Int. Comm. Heat Mass Transfer},
	Number = {4},
	Pages = {561--571},
	Title = {Development of a wall plume from a boundary layer along a partially vertical wall},
	Volume = {31},
	Year = {2004}}

@article{kaminski,
	Author = {E. Kaminski and C. Jaupart},
	Journal = {J. Fluid Mech.},
	Pages = {287--298},
	Title = {Laminar starting plumes in high {P}randtl-number fluids},
	Year = {2003}}

@article{turner,
	Author = {J. S. Turner},
	Journal = {J. Fluid Mech.},
	Pages = {356--368},
	Title = {The starting plume in neutral surroundings},
	Volume = {13},
	Year = {1962}}

@article{zocchi,
	Author = {G. Zocchi and E. Moses and A. Libchaber},
	Journal = {Phys. A},
	Pages = {387--407},
	Title = {Coherent structures in turbulent convection, an experimental study},
	Volume = {166},
	Year = {1990}}

@article{massaioli93,
	Author = {F. Massaioli and R. Benzi and S. Succi},
	Journal = {Europhys. Lett.},
	Pages = {305-310},
	Title = {Exponential tails in two--dimensional {R}ayleigh {B}\`enard convection},
	Volume = {21},
	Year = {1993}}

@article{eggels95,
	Author = {J. G. M. Eggels and J. A. Sommers},
	Journal = {Int. J. Heat Fluid Flow},
	Pages = {357},
	Title = {Numerical simulation of free convective flow using the lattice {B}oltzmann scheme},
	Volume = {16},
	Year = {1995}}

@article{vandersman00,
	Author = {R. G. M. van der Sman and M. H. Ernst and A. C. Berkenbosch},
	Journal = {Int. J. Heat Mass Transfer},
	Pages = {577},
	Title = {Lattice {B}oltzmann scheme for cooling of packed flowers},
	Volume = {43},
	Year = {2000}}

@article{succi97,
	Author = {S. Succi and G. Bella and F. Papetti},
	Journal = {J. Sci. Comput.},
	Pages = {395},
	Title = {Lattice kinetic theory for numerical combustion},
	Volume = {12},
	Year = {1997}}

@article{benzi94,
	Author = {R. Benzi and R. Tripiccione and M. Massaioli and S. Succi and S. Ciliberto},
	Journal = {Europhys. Lett.},
	Pages = {341},
	Title = {On the scaling of the velocity and temperature structure functions in turbulent {R}ayleigh-{B}\`enard convection},
	Volume = {25},
	Year = {1994}}

@article{lallemand03,
	Author = {P. Lallemand and L. S. Luo},
	Journal = {Phys. Rev. E},
	Pages = {036706},
	Title = {Theory of the lattice {B}oltzmann method: acoustic and thermal properties in two and three dimensions},
	Volume = {68},
	Year = {2003}}

@article{lallemand03a,
	Author = {P. Lallemand and L. S. Luo},
	Journal = {Int. J. Mod. Phys B},
	Pages = {41--47},
	Title = {Hybrid finite-difference thermal lattice {B}oltzmann equation},
	Volume = {17},
	Year = {2003}}

@article{chen98,
	Author = {S. Chen and G. D. Doolen},
	Journal = {Ann. Rev. Fluid Mech.},
	Pages = {329-364},
	Title = {Lattice {B}oltzmann Method for fluid flows},
	Volume = {30},
	Year = {1998}}

@article{buick98a,
	Author = {J. M. Buick and C. A. Greated},
	Journal = {Physics of Fluids},
	Pages = {1490-1511},
	Title = {Lattice {B}oltzmann modeling of interfacial gravity waves},
	Volume = {10},
	Year = {1998}}

@article{feng94,
	Author = {J. Feng and H. H. Hu and D. D. Joseph},
	Journal = {J. Fluid Mech.},
	Pages = {95--134},
	Title = {Direct simulation of initial value problems for the motion of solid bodies in a {N}ewtonian fluid: Part 1. Sedimentation},
	Volume = {261},
	Year = {1994}}

@article{trinh85,
	Adsnote = {Provided by the NASA Astrophysics Data System},
	Adsurl = {http://adsabs.harvard.edu/cgi-bin/nph-bib_query?bibcode=1985RScI...56.2059T&db_key=INST},
	Author = {{Trinh}, E.~H.},
	Journal = {Review of Scientific Instruments},
	Month = nov,
	Pages = {2059--2065},
	Title = {Compact acoustic levitation device for studies in fluid dynamics and material science in the laboratory and microgravity},
	Volume = 56,
	Year = 1985}

@article{ansumali00,
	Author = {S. Ansumali and V. Karlin},
	Journal = {Phys. Rev. E},
	Number = {6},
	Pages = {7999--8003},
	Title = {Stabilization of the lattice {B}oltzmann method by the {H} theorem: {A} numerical test},
	Volume = {62},
	Year = {2000}}

@article{aidun98,
	Author = {C.K. Aidun and Y. Lu and E.J. Ding},
	Journal = {J. Fluid Mech.},
	Pages = {287--311},
	Title = {Direct analysis of particulate suspensions with inertia using the discrete {B}oltzmann equation},
	Volume = {373},
	Year = {1998}}

@article{aidun03,
	Author = {C.K. Aidun and E.J. Ding},
	Journal = {Phys. Fluids},
	Number = {6},
	Pages = {1612--1621},
	Title = {Dynamics of particle sedimentation in a vertical channel: {P}eriodic-doubling bifurcation and chaotic state},
	Volume = {15},
	Year = {2003}}

@article{ding03b,
	Author = {E.J. Ding and C.K. Aidun},
	Journal = {J. Stat. Phys.},
	Number = {3/4},
	Pages = {685--708},
	Title = {Extension of the lattice-{B}oltzmann method for direct simulation of suspended particles near contact},
	Volume = {112},
	Year = {2003}}

@article{buick98,
	Author = {J.M. Buick and C.A. Greated and D.M. Campbell},
	Journal = {Europhys. Lett.},
	Number = {3},
	Pages = {235--240},
	Title = {Lattice {BGK} simulation of sound waves},
	Volume = {43},
	Year = {1998}}

@article{buick00,
	Author = {J.M. Buick and C.L. Buckley and C.A. Greated and J. Gilbert},
	Journal = {J. Phys. A: Math.},
	Pages = {3917--3928},
	Title = {Lattice {B}oltzmann {BGK} simulations of nonlinear sound waves: the development of a shock front},
	Volume = {33},
	Year = {2000}}

@article{behrend95,
	Author = {O. Behrend},
	Journal = {Phy. Rev. E},
	Number = {1},
	Pages = {1164--1175},
	Title = {Solid-fluid boundaries in particle suspensions via the lattice {B}oltzmann method},
	Volume = {52},
	Year = {1995}}

@articlecate{cate02,
	Author = {A. Cate and C.H. Nieuwstad and J.J. Derksen and H.E.A. Van den Akker},
	Journal = {Phys. Fluids},
	Number = {11},
	Pages = {4012--4025},
	Title = {Particle imaging velocimetry experiments and lattice {B}oltzmann simulations on a single sphere settling under gravity},
	Volume = {14},
	Year = {2002}}

@article{cosgrove04,
	Author = {J.A. Cosgrove and J.M. Buick and D.M. Campbell and C.A. Greated},
	Journal = {Ultrasonics},
	Pages = {21--25},
	Title = {Numerical simulation of particle motion in an ultrasound field using the lattice {B}oltzmann model},
	Volume = {43},
	Year = {2004}}

@article{chopard02,
	Author = {B. Chopard and S. Marconi},
	Journal = {J. Stat. Phys.},
	Number = {1},
	Pages = {23--37},
	Title = {Lattice {B}oltzmann solid particles in a lattice {B}oltzmann fluid},
	Volume = {107},
	Year = {2002}}

@article{chopard00,
	Author = {B. Chopard and A. Masselot and A. Dupuis},
	Journal = {Computer Physics Communications},
	Pages = {167--176},
	Title = {A lattice gas model for erosion and particles transport in a fluid},
	Volume = {129},
	Year = {2000}}

@article{dupuis02,
	Author = {A. Dupuis and B. Chopard},
	Journal = {J. Comp. Phys.},
	Pages = {161--174},
	Title = {Lattice gas modeling of scour formation under submarine pipelines},
	Volume = {178},
	Year = {2002}}

@article{mikulencak04,
	Author = {D.R. Mikulencak and J. F. Morris},
	Journal = {J. Fluid Mech.},
	Pages = {1--28},
	Title = {Stationary shear flow around fixed and free bodies at finite {R}eynolds number},
	Volume = {000},
	Year = {2004}}

@article{doinikov96,
	Author = {A. Doinikov},
	Journal = {Phys. Rev. E},
	Number = {6},
	Pages = {6297--6303},
	Title = {Theory of acoustic radiation pressure for actual fluids},
	Volume = {54},
	Year = {1996}}

@article{ding00,
	Author = {E.J. Ding and C.K. Aidun},
	Journal = {J. Fluid Mech.},
	Pages = {317--344},
	Title = {The dynamics and scaling law for particles suspended in shear flow with inertia},
	Volume = {423},
	Year = {2000}}

@article{desplat01,
	Author = {J.C. Desplat and I. Pagonabarraga and P. Bladon},
	Journal = {Computer Phys. Comm.},
	Pages = {273--290},
	Title = {{LUDWING}: a parallel lattice-{B}oltzmann code for complex fluids},
	Volume = {134},
	Year = {2001}}

@article{danilov00,
	Author = {S.D. Danilov and M.A. Mironov},
	Journal = {J. Acoust. Soc. Am.},
	Number = {1},
	Pages = {143--153},
	Title = {Mean force on a small sphere in a sound field in a viscous fluid},
	Volume = {107},
	Year = {2000}}

@article{fang04,
	Author = {H. Li and H. Fang and Z. Lin and S. Xu and S. Chen},
	Journal = {Phys. Rev. E},
	Title = {Lattice {B}oltzmann simulation on particle suspensions in a two dimensional symmetric stenotic artery},
	Volume = {69},
	Year = {2004}}

@article{feng04,
	Author = {Z.G. Feng and E.E. Michaelides},
	Journal = {J. Comp. Phys.},
	Pages = {20--51},
	Title = {Proteus: a direct forcing method in the simulations of particulate flows},
	Volume = {202},
	Year = {2004}}

@article{guo00,
	Author = {Z. Guo and B. Shi and N. Wang},
	Journal = {J. Comp. Phys.},
	Pages = {288-306},
	Title = {Lattice {BGK} model for incompressible {Navier--Stokes} equation},
	Volume = {165},
	Year = {2000}}

@article{gan03,
	Author = {H. Gan and J. Chang and J. Feng and H.H. Hu},
	Journal = {J. Fluid Mech.},
	Pages = {385--411},
	Title = {Direct numerical simulation of the sedimentation of solid particles with thermal convection},
	Volume = {481},
	Year = {2003}}

@article{hofler00,
	Author = {K. Hofler and S. Schwarzer},
	Journal = {Phys. Rev. E},
	Number = {6},
	Pages = {7146--7160},
	Title = {Navier-{S}tokes simulation with constant constraint forces: Finite-difference method for particle-ladden flows and complex geometries},
	Volume = {61},
	Year = {2000}}

@article{hu01,
	Author = {H. Hu and N.A. Patankar and M.Y. Zhu},
	Journal = {J. Comp. Phys.},
	Pages = {427--462},
	Title = {Direct numerical simulations of fluid-solid systems using the arbitrary {L}agrangian-{E}ulerian technique},
	Volume = {169},
	Year = {2001}}

@article{heemels00,
	Author = {M.H. Heemels and M.H.J. Hagen and C.P. Lowe},
	Journal = {J. Comp. Phys.},
	Pages = {48--61},
	Title = {Simulating solid colloidal particles using the lattice-{B}oltzmann method},
	Volume = {164},
	Year = {2000}}

@article{he97,
	Author = {X. He and L.S. Luo},
	Journal = {Phys. Rev. E},
	Number = {6},
	Pages = {6811--6817},
	Title = {Theory of the lattice {B}oltzmann method: from the {B}oltzmann equation to the lattice {B}oltzmann equation},
	Volume = {56},
	Year = {1997}}

@article{haydock03,
	Author = {D. Haydock and J.M, Yeomans},
	Journal = {J. Phys. A:Math.Gen.},
	Pages = {5683--5694},
	Title = {Lattice Boltzmann simulations of attenuations-driven acoustic streaming},
	Volume = {36},
	Year = {2003}}

@article{jasberg00,
	Author = {A. Jasberg and A. Koponen and M. Kataja and J. Timonen},
	Journal = {Comp. Phys. Comm.},
	Pages = {196--206},
	Title = {Hydrodynamical forces acting on particles in a two-dimensional flow near a solid wall},
	Volume = {129},
	Year = {2000}}

@article{koch97,
	Author = {D.L. Koch and A.J.C. Ladd},
	Journal = {J. Fluid Mech.},
	Pages = {31--66},
	Title = {Moderate {R}eynolds number flows through periodic and random arrays of aligned cylinders},
	Volume = {349},
	Year = {1997}}

@article{lockard02,
	Author = {A.P. Lockard and L.S. Luo and S.D. Milder and B.A. Singer},
	Journal = {J. Stat. Phys.},
	Number = {1},
	Pages = {423--478},
	Title = {Evaluation of {PoweFLOW} for aerodynamic applications},
	Volume = {107},
	Year = {2002}}

@article{li04,
	Author = {Y. Li and R. Shock and R. Zhang and H. Chen},
	Journal = {J. Fluid Mech.},
	Pages = {273--300},
	Title = {Numerical study of flow past an impulsively started cylinder by the lattice-{Boltzmann} method},
	Volume = {519},
	Year = {2004}}

@article{lei00,
	Author = {C. Lei and L. Cheng and K. Kavanagh},
	Journal = {Ocean Engineering},
	Pages = {271--290},
	Title = {A finite difference solution of the shear flow over a circular cylinder},
	Volume = {27},
	Year = {2000}}

@article{ladd96,
	Author = {A.J.C. Ladd},
	Journal = {Phys. Rev.Lett.},
	Number = {8},
	Pages = {1392--1395},
	Title = {Hydrodynamic screening in sedimenting suspensions of non-{B}rownian spheres},
	Volume = {76},
	Year = {1996}}

@article{ladd01,
	Author = {A.J.C. Ladd and R. Verberg},
	Journal = {J. Stat. Phys.},
	Number = {5/6},
	Pages = {1191--1251},
	Title = {Lattice-{B}oltzmann simulations of particle-fluid suspensions},
	Volume = {104},
	Year = {2001}}

@article{mucha04,
	Author = {P.J. Mucha and S.Y. Tee and D.A. Weitz and B.I. Shraiman and M.P. Brenner},
	Journal = {J. Fluid Mech.},
	Pages = {71--104},
	Title = {A model for velocity fluctuations in sedimentation},
	Volume = {501},
	Year = {2004}}

@article{mason02,
	Author = {R.J. Mason},
	Journal = {J. Stat. Phys.},
	Number = {1/2},
	Pages = {385--400},
	Title = {A multi-speed compressible lattice-{B}oltzmann model},
	Volume = {107},
	Year = {2002}}

@article{nourgaliev03,
	Author = {R.R. Nourgaliev and T.N. Dinh and T.G. Theofanous and D. Joseph},
	Journal = {Int. J. Multiphase Flow},
	Pages = {117--169},
	Title = {The lattice {Boltzmann equation method: theoretical interpretation, numerics and implications}},
	Volume = {29},
	Year = {2003}}

@article{qi99,
	Author = {D. Qi},
	Journal = {J. Fluid Mech.},
	Pages = {41--62},
	Title = {Lattice-{B}oltzmann simulations of particles in non-zero-{R}eynolds-number flows},
	Volume = {385},
	Year = {1999}}

@article{verberg99,
	Author = {R. Verberg and A.J.C. Ladd},
	Journal = {Phys. Rev. E},
	Number = {3},
	Pages = {3366--3373},
	Title = {Simulation of low-{R}eynolds-number flow via a time-independent lattice-{B}oltzmann method},
	Volume = {60},
	Year = {1999}}

@article{alexander92,
	Author = {F.J. Alexander and H. Chen and G.D. Doolen},
	Journal = {Phys. Rev. A},
	Number = {4},
	Pages = {1967--1970},
	Title = {Lattice {B}oltzmann model for compressible fluids},
	Volume = {46},
	Year = {1992}}

@article{aboobaker04,
	Author = {N. Aboobaker and D. Blackmore and J. Meegoda},
	Journal = {App. Math. Modeling},
	Title = {Mathematical modeling of the movement of suspended particles subjected to acoustic and flow fields},
	Year = {2004}}

@article{buick99,
	Author = {J.M. Buick and C.L. Buckley and C.A. Greated and J. Gilbert},
	Journal = {J. Phys. A:Math. Gen.},
	Pages = {3917--3928},
	Title = {Lattice {B}oltzmann {BGK} simulation of nonlinear sound waves: the development of a shock wave},
	Volume = {33},
	Year = {2000}}

@article{brandt01,
	Author = {E.H. Brandt},
	Journal = {Nature},
	Pages = {474--475},
	Title = {Suspended by sound},
	Volume = {413},
	Year = {2001}}

@article{chung98,
	Author = {S.K. Chung and E.H. Trinh},
	Journal = {J. Crystal Growth},
	Pages = {384--397},
	Title = {Containerless protein crystal growth in rotating levitated drops},
	Volume = {194},
	Year = {1998}}

@article{barmatz84,
	Author = {M. Barmatz and P. Collas},
	Journal = {J. Acoust. Soc. Am.},
	Number = {3},
	Pages = {926--945},
	Title = {Acoustic radiation potential on a sphere in a plane, cylindrical and spherical standing wave fields},
	Volume = {77},
	Year = {1985}}

@inproceedings{kuhnelt04,
	Author = {H. Kuhnelt},
	Booktitle = {Proceedings of the Int. Symp. on Musical Acoustics},
	Title = {Simulating the sound generation in flutes and flue pipes with the lattice-{B}oltzmann-method},
	Year = {2004}}

@article{hertz95,
	Author = {H.M. Hertz},
	Journal = {J. App. Phys.},
	Number = {8},
	Pages = {4845--4849},
	Title = {Standing-wave acoustic trap for nonintrusive positioning of microparticles},
	Volume = {78},
	Year = {1995}}

@article{helin98,
	Author = {P. H\'elin and V. Sadaune and C. Druon},
	Journal = {Sensor and Actuators A},
	Pages = {67--74},
	Title = {Theoretical and experimental study of linear motors using surface acoustic waves},
	Volume = {70},
	Year = {1998}}

@article{mitri04,
	Author = {F.G. Mitri and M. Fatemi},
	Journal = {Ultrasonics},
	Title = {Dynamic acoustic radiation force acting on a cylindrical shells: theory and simulations},
	Year = {2004}}

@article{trinh86,
	Author = {E.H. Trinh and C.J. Hsu},
	Date-Modified = {2007-05-27 23:43:57 -0500},
	Journal = {J. Acoust. Soc. Am.},
	Local-Url = {file://localhost/Users/gbv/doctorado/papers/levitation/trinh86.pdf},
	Number = {6},
	Pages = {1757--1761},
	Title = {Acoustic levitation methods for density measurements},
	Volume = {80},
	Year = {1986}}

@article{wei04,
	Author = {W. Wei and D.V. Thiessen and P.L. Marston},
	Journal = {J. Acous. Soc. Am.},
	Number = {1},
	Pages = {201--208},
	Title = {Acoustic radiation force on a compressible cylinder in a standing wave},
	Volume = {116},
	Year = {2004}}

@article{ueha00,
	Author = {S. Ueha and Y. Hashimoto and Y. Koike},
	Journal = {Ultrasonics},
	Optnumber = {26--32},
	Title = {Non-contact transportation using near-field acoustic levitation},
	Volume = {38},
	Year = {2000}}

@article{yarin98,
	Author = {A.L. Yarin and M. Pfaffenlehner and C. Tropea},
	Journal = {J. Fluid Mech.},
	Pages = {65--91},
	Title = {On the acoustic levitation of droplets},
	Volume = {356},
	Year = {1998}}

@article{yarin02,
	Author = {A.L. Yarin and D.A. Weiss and G. Brenn and D. Rensik},
	Journal = {Int. J. Multiphase Flow},
	Pages = {887--910},
	Title = {Acoustically levitated drops: drop oscillation and break-up driven by ultrasound modulation},
	Volume = {28},
	Year = {2002}}

@article{xie02,
	Author = {W.J. Xie and C.D. Cao and Y.L. Lu and B. Wei},
	Journal = {Phys. Rev. E},
	Number = {10},
	Title = {Levitation of iridium and liquid mercury by ultrasound},
	Volume = {89},
	Year = {2002}}

@article{xie02b,
	Author = {W.J. Xie and C.D. Cao and Y.J. Lu and B. Wei},
	Journal = {Phys. Rev. E},
	Title = {Eutectic growth under acoustic levitations conditions},
	Volume = {66},
	Year = {2002}}

@article{xie01,
	Author = {W.J. Xie and B. Wei},
	Journal = {App. Phys. Lett.},
	Number = {6},
	Pages = {881--883},
	Title = {Parametric study of single-axis acoustic levitation},
	Volume = {79},
	Year = {2001}}

@article{su96,
	Author = {Yu-Hsuan Su and Z.C. Feng},
	Date-Modified = {2007-04-19 23:52:54 -0500},
	Journal = {J. Acoust. Cos. Am.},
	Number = {5},
	Pages = {2799--2810},
	Read = {No},
	Title = {Numerical simulation of the dynamics of acoustically levitated drops},
	Volume = {99},
	Year = {1996}}

@article{king34,
	Author = {Louis V. King},
	Journal = {Procceedings of the Royal Society of London, Series A, Mathematical and Physical Sciences},
	Title = {On the acoustic radiation pressure on spheres},
	Volume = {147},
	Year = {1934}}

@article{oran80,
	Author = {W. A. Oran and L. H. Berge and H. W. Parker},
	Journal = {Rev. Sci. Instrum.},
	Number = {5},
	Pages = {626--631},
	Title = {Parametric study of an acoustic levitation system},
	Volume = {51},
	Year = {1980}}

@article{ohsaka00,
	Author = {Ohsaka K. and E.H. Trinh},
	Journal = {J. Crystal Growth},
	Pages = {191--196},
	Title = {Undercooling of acoustically levitated molten drops},
	Volume = {106},
	Year = {1990}}

@article{ladd94,
	Author = {Anthony J. C. Ladd},
	Journal = {J. Fluid Mech.},
	Pages = {285--309},
	Title = {Numerical simulations of particulate suspensions via a discretized {B}oltzmann equation. Part 1. Theoretical foundation},
	Volume = {271},
	Year = {1994}}

@article{ladd94b,
	Author = {Anthony J. C. Ladd},
	Journal = {J. Fluid Mech.},
	Pages = {311--339},
	Title = {Numerical simulations of particulate suspensions via a discretized {B}oltzmann equation. Part 2. Numerical results},
	Volume = {271},
	Year = {1994}}

@article{gorkov62,
	Author = {L. P. Gor'kov},
	Journal = {Soviet Physics},
	Number = {9},
	Pages = {773--775},
	Title = {On the forces acting on a small particle in an acoustical field in an ideal fluid},
	Volume = {6},
	Year = {1962}}

@article{yin06,
	Author = {Xiaolong Yin and Donald L. Koch and Rolf Verberg},
	Journal = {Phys. Rev. E},
	Title = {Lattice-{B}oltzmann method for simulating spherical bubbles with no tangential stress boundary conditions},
	Volume = {73},
	Year = {2006}}

@article{xie02c,
	Author = {W. J. Xie and C. D. Cao and Y. J. Lu and B. Wei},
	Journal = {Phys. Rev. Lett.},
	Number = {10},
	Title = {Levitation of iridium and liquid mercury by ultrasound},
	Volume = {89},
	Year = {2002}}

@article{barrios05,
	Author = {G. Barrios and R. Rechtman and J. Rojas and R. Tovar},
	Journal = {J. Fluid Mech.},
	Pages = {91-100},
	Title = {The lattice {B}oltzmann equation for natural convection in a two-dimensional cavity with a partially heated wall},
	Volume = {522},
	Year = {2005}}

@article{kundt1866,
	Author = {A. Kundt},
	Journal = {Annal Phys.},
	Number = {497},
	Title = {Ueber eine neue Art akustischer staubfiguren und uber die Answendung derselben zur Bestimmung der schallgeschwendigkeit in festen korpern and gasen},
	Volume = {127},
	Year = {1866}}

@article{haydock05,
	Author = {David Haydock},
	Journal = {J. Phys. A: Math. Gen.},
	Pages = {3265--3277},
	Title = {Lattice {B}oltzmann simulations of the time-averaged forces on a cylinder in a sound field},
	Volume = {38},
	Year = {2005}}

@article{awatani55,
	Author = {J Awatani},
	Journal = {Mem. Inst. Sci. Osaka University},
	Pages = {95--102},
	Title = {Study on acoustic radiation pressure (IV) (radiation pressure on a cylinder)},
	Volume = {12},
	Year = {1955}}

@article{wu90,
	Author = {Junru Wu and Gonghuan Du and Steven Work and David Warshaw},
	Journal = {J. Acoust. Soc. Am.},
	Number = {2},
	Pages = {581--586},
	Title = {Acoustic radiation pressure on a rigid cylinder: An analytical theory and experiments},
	Volume = {87},
	Year = {1990}}

@article{mitri06,
	Author = {F. G. Mitri and Z. E. A. Fellah},
	Journal = {J. Phys. A: Math. Gen.},
	Pages = {6085--6096},
	Title = {Theoretical calculations of the acoustic radiation force on layered cylinders in a plane standing wave-- comparison of near- and far- field solutions},
	Volume = {39},
	Year = {2006}}

@article{mitri06b,
	Author = {F. G. Mitri},
	Journal = {New Journal of Physics},
	Number = {138},
	Title = {Theoretical and experimental determination of the acoustic radiation force acting on a elastic cylinder in a plane progresive wave--far field derivation approach},
	Volume = {8},
	Year = {2006}}

@article{mitri05,
	Author = {F. G. Mitri},
	Journal = {Eur. Phys. B},
	Pages = {71--78},
	Title = {Theoretical calculation of the acoustic radiation force acting on elastic and viscoelastic cylinder placed in a plane standing or quasistanding wave field},
	Volume = {44},
	Year = {2005}}

@article{wei05,
	Author = {Wei Wei and Philip Marston},
	Journal = {J. Acoust. Soc. Am.},
	Number = {6},
	Optpages = {3397--3399},
	Title = {Equivalence of expressions for the acoustic radiation force on cylinders {(L)}},
	Volume = {118},
	Year = {2005}}

@article{haydock05b,
	Author = {David Haydock},
	Journal = {J. Phys. A: Math. Gen.},
	Pages = {3279--3285},
	Title = {Calculation of the radiation force on a cylinder in a standing wave acoustic field},
	Volume = {38},
	Year = {2005}}

@article{xie06,
	Author = {W. J. Xie and C. D. Cao and Y.J. Lu and Z. Y. Hong and B. Wei},
	Date-Modified = {2007-05-28 00:20:32 -0500},
	Journal = {App. Phys. Lett.},
	Local-Url = {file://localhost/Users/gbv/doctorado/papers/levitation/xie06.pdf},
	Title = {Acoustic method for levitation of small living animals},
	Volume = {89},
	Year = {2006}}

@article{yosiaka55,
	Author = {K. Yosiaka and Y. Kawasima},
	Journal = {Acustica},
	Pages = {167--173},
	Title = {Acoustic Radiation pressure on a compressible sphere},
	Volume = {5},
	Year = {1955}}

@article{leung82,
	Author = {E. Leung and C. P. Lee and N. Jacobi and T. G. Wang},
	Journal = {J. Acoust. Soc. Am.},
	Number = {2},
	Pages = {615--620},
	Title = {Resonance frequency shift of an acoustic chamber containing a rigid sphere},
	Volume = {72},
	Year = {1982}}

@article{rudnick90,
	Author = {J. Rudnick and M. Barmatz},
	Journal = {J. Acoust. Soc. Am.},
	Number = {1},
	Pages = {81--92},
	Title = {Oscillational instabilities in single-mode acoustic levitators},
	Volume = {87},
	Year = {1990}}

@article{filippova97,
	Author = {O. Filippova and D. Hanel},
	Journal = {Computers and Fluids},
	Number = {7},
	Pages = {697--712},
	Title = {Lattice-{B}oltzmann simulation of gas-particle flow in filters},
	Volume = {26},
	Year = {1997}}

@article{hasegawa88,
	Author = {T. Hasewaga and K. Saka and N. Inove and K. Matsuzawa},
	Journal = {J. Acoustic Soc. Am.},
	Pages = {1770--1775},
	Title = {Acoustic radiation force experience by a solid cylinder in a plane progressive sound field},
	Volume = {83},
	Year = {1988}}

@book{kerson63,
	Alteditor = {John Wiley and Sons},
	Author = {Kerson Huang},
	Title = {Statistical mechanics},
	Year = {1963}}

@article{biswas95,
	Author = {A. Biswas},
	Journal = {J. of Crystal Growth},
	Pages = {155--164},
	Title = {Solidification of acoustically levitated o-terphenyl crystals: a {R}aman study},
	Volume = {147},
	Year = {1995}}

@article{li04c,
	Author = {Huabing Li and Haiping Fang and Zhifang Ling and ShiXiong Xu and Shiyi Chen},
	Journal = {Phys. Rev. E},
	Title = {Lattice {B}oltzmann simulation on particle suspensions in a two-dimensional symmetric stenotic artery},
	Volume = {69},
	Year = {2004}}

@article{poe75,
	Author = {G. G. Poe and A. Acrivos},
	Journal = {J. Fluid Mech.},
	Pages = {605},
	Title = {Closed streamline flows past rotating single cylinder and spheres: intertia effect},
	Volume = {72},
	Year = {1975}}

@book{kantzbook,
	Author = {Holger Kantz and Thomas Schreiber},
	Publisher = {Cambridge},
	Title = {Nonlinear time series analysis},
	Year = {2004}}

@book{strogatzbook,
	Author = {Steven H. Strogatz},
	Publisher = {Perseus Book},
	Title = {Nonlinear dynamics and chaos with applications to physics, biology, chemistry and engineering},
	Year = {1994}}



@Book{strutt,
  author = 	 {John William Strutt and  Rayleigh},
  ALTeditor = 	 {},
  title = 	 {The theory of sound},
  publisher = 	 {New York},
  year = 	 {1945},
  OPTkey = 	 {},
  OPTvolume = 	 {},
  OPTnumber = 	 {},
  OPTseries = 	 {},
  OPTaddress = 	 {},
  OPTedition = 	 {},
  OPTmonth = 	 {},
  OPTnote = 	 {},
  OPTannote = 	 {}
}

@Article{tisean,
  author = 	 {R. Hegger and H. Kantz and T. Schreiber},
  title = 	 {Practical implementation of nonlinear time series methods:
                  {T}he {TISEAN} package},
  journal = 	 {Chaos},
  year = 	 {1999},
  OPTkey = 	 {},
  volume = 	 {9},
  OPTnumber = 	 {},
  pages = 	 {413--435},
  month = 	 {June},
  OPTnote = 	 {},
  OPTannote = 	 {}
}




@comment{BibDesk Static Groups{
<?xml version="1.0" encoding="UTF-8"?>
<!DOCTYPE plist PUBLIC "-//Apple Computer//DTD PLIST 1.0//EN" "http://www.apple.com/DTDs/PropertyList-1.0.dtd">
<plist version="1.0">
<array>
	<dict>
		<key>group name</key>
		<string>JFM</string>
		<key>keys</key>
		<string>ladd94,kantzbook,hertz95,chung98,brandt01,cosgrove04,feng94,king34,buick98,filippova97,ladd94b,haydock05b,awatani55,haydock05,qian92,gorkov62,strogatzbook,wu90,oran80,rudnick90,xie01,alexander92,buick00,aidun98,poe75,xie06,trinh85</string>
	</dict>
</array>
</plist>
}}
